@ARTICLE{facharbeit,
    author   = "Julian von Mendel",
    title    = "RSA-Verschluesselung",
    year     = "2009",
    volume   = "1",
    pages    = "9-13",
    month    = "jan",
    journal = "derjulian"
}


@BOOK{RSABuch,
    author    = "Albrecht Beutelspacher",
    editor	  = "Albrecht Beutelspacher",
    title     = "Moderne Verfahren der Kryptographie: Von RSA zu Zero-Knowledge",
    publisher = "Springer Verlag",
    year      = "2015",
    volume    = "1",
      edition   = "eighth"
}


@BOOK{mathe1,
    author    = "Prof. Dr. Scheid, H.",
    title     = "Die Mathematik I + II",
    publisher = "Bibliographisches Institut  F. A. Brockhaus AG",
    year      = "1990",
    volume    = "1",
    edition   = "second",
    month     = "mar"
}


@BOOK{Sicherheit,
    author    = "Joerg Schwenk",
    editor    = "Joerg Schwenk",
    title     = "Sicherheit und Kryptographie im Internet: Theorie und Praxis",
    publisher = "Springer Verlag",
    year      = "2014",
    volume    = "4",
    edition   = "fourth",
    month     = "mar"
}

